% --------------------------------- COPULA ---------------------------------- %
@Book{Joe2015,
author = {Joe, Harry},
title = {Dependence Modeling with Copulas},
publisher = {CRC Press},
year = {2015},
}

% --------------------------------- TRANSPORT ------------------------------- %
@Book{Lewis,
author = {E., Lewis},
title = {Numerical Methods for Radiation Transport},
publisher = {CRC Press},
year = {2015},
}
